%%%%%%%%%%%%%%%%%%%%%%% Comments %%%%%%%%%%%%%%%%%%%%%%%%
%% BibTeX can accept names in "forename surname" or "surname, forename".
%% to tell BibTeX when a reference has more than one author by putting the keyword "and" in between every author.
%%%%%%%%%%%%%%%%%%%%%%% Bibliography %%%%%%%%%%%%%%%%%%%%%%%
%% Article

@book{chen1984plasma,
  title={Plasma},
  author={Chen, Francis F and Smith, Mark D},
  year={1984},
  publisher={Wiley Online Library}
}


@article{strickland1985compression,
  title={Compression of amplified chirped optical pulses},
  author={Strickland, Donna and Mourou, Gerard},
  journal={Optics communications},
  volume={55},
  number={6},
  pages={447--449},
  year={1985},
  publisher={Elsevier}
}

@article{kluge2013using,
  title={Using XFELs for probing of complex interaction dynamics of ultra-intense lasers with solid matter},
  author={Kluge, Thomas and Gutt, Christian and Huang, Lingen and Metzkes, Josefine and Schramm, Ulrich and Bussmann, Michael and Cowan, Thomas E},
  journal={arXiv preprint arXiv:1306.0420},
  year={2013}
}

@article{kruer1985j,
  title={J$\times$ B heating by very intense laser light},
  author={Kruer, WL and Estabrook, Kent},
  journal={Physics of Fluids (1958-1988)},
  volume={28},
  number={1},
  pages={430--432},
  year={1985},
  publisher={AIP Publishing}
}

@article{haines2009hot,
  title={Hot-electron temperature and laser-light absorption in fast ignition},
  author={Haines, MG and Wei, MS and Beg, FN and Stephens, RB},
  journal={Physical review letters},
  volume={102},
  number={4},
  pages={045008},
  year={2009},
  publisher={APS}
}

@article{sentoku2007isochoric,
  title={Isochoric heating in heterogeneous solid targets with ultrashort laser pulses},
  author={Sentoku, Y and Kemp, AJ and Presura, R and Bakeman, MS and Cowan, TE},
  journal={Physics of Plasmas (1994-present)},
  volume={14},
  number={12},
  pages={122701},
  year={2007},
  publisher={AIP Publishing}
}

@article{wilks1992absorption,
  title={Absorption of ultra-intense laser pulses},
  author={Wilks, SC and Kruer, WL and Tabak, M and Langdon, AB},
  journal={Physical review letters},
  volume={69},
  number={9},
  pages={1383},
  year={1992},
  publisher={APS}
}

@article{beg1997study,
  title={A study of picosecond laser--solid interactions up to 1019 W cm- 2},
  author={Beg, FN and Bell, AR and Dangor, AE and Danson, CN and Fews, AP and Glinsky, ME and Hammel, BA and Lee, P and Norreys, PA and Tatarakis, Ma},
  journal={Physics of Plasmas (1994-present)},
  volume={4},
  number={2},
  pages={447--457},
  year={1997},
  publisher={AIP Publishing}
}

@article{kluge2011electron,
  title={Electron temperature scaling in laser interaction with solids},
  author={Kluge, T and Cowan, T and Debus, A and Schramm, U and Zeil, K and Bussmann, M},
  journal={Physical review letters},
  volume={107},
  number={20},
  pages={205003},
  year={2011},
  publisher={APS}
}

@article{linlor1963ion,
  title={Ion energies produced by laser giant pulse},
  author={Linlor, William I},
  journal={Applied Physics Letters},
  volume={3},
  number={11},
  pages={210--211},
  year={1963},
  publisher={AIP Publishing}
}

@article{gunn1969acceleration,
  title={Acceleration of high-energy cosmic rays by pulsars},
  author={Gunn, James E and Ostriker, Jeremiah P},
  journal={Physical Review Letters},
  volume={22},
  number={14},
  pages={728},
  year={1969},
  publisher={APS}
}

@article{ditmire1997high,
  title={High-energy ions produced in explosions of superheated atomic clusters},
  author={Ditmire, T and Tisch, JW Gl and Springate, E and Mason, MB and Hay, N and Smith, RA and Marangos, J and Hutchinson, MHR},
  year={1997},
  publisher={Nature Publishing Group}
}

@article{clark2000measurements,
  title={Measurements of energetic proton transport through magnetized plasma from intense laser interactions with solids},
  author={Clark, EL and Krushelnick, K and Davies, JR and Zepf, M and Tatarakis, M and Beg, FN and Machacek, A and Norreys, PA and Santala, MIK and Watts, I and others},
  journal={Physical Review Letters},
  volume={84},
  number={4},
  pages={670},
  year={2000},
  publisher={APS}
}

@article{snavely2000intense,
  title={Intense high-energy proton beams from petawatt-laser irradiation of solids},
  author={Snavely, RA and Key, MH and Hatchett, SP and Cowan, TE and Roth, M and Phillips, TW and Stoyer, MA and Henry, EA and Sangster, TC and Singh, MS and others},
  journal={Physical Review Letters},
  volume={85},
  number={14},
  pages={2945},
  year={2000},
  publisher={APS}
}

@article{gaillard2011increased,
  title={Increased laser-accelerated proton energies via direct laser-light-pressure acceleration of electrons in microcone targetsa)},
  author={Gaillard, SA and Kluge, T and Flippo, KA and Bussmann, M and Gall, B and Lockard, T and Geissel, M and Offermann, DT and Schollmeier, M and Sentoku, Y and others},
  journal={Physics of Plasmas (1994-present)},
  volume={18},
  number={5},
  pages={056710},
  year={2011},
  publisher={AIP Publishing}
}

@article{hatchett2000electron,
  title={Electron, photon, and ion beams from the relativistic interaction of Petawatt laser pulses with solid targets},
  author={Hatchett, Stephen P and Brown, Curtis G and Cowan, Thomas E and Henry, Eugene A and Johnson, Joy S and Key, Michael H and Koch, Jeffrey A and Langdon, A Bruce and Lasinski, Barbara F and Lee, Richard W and others},
  journal={Physics of Plasmas (1994-present)},
  volume={7},
  number={5},
  pages={2076--2082},
  year={2000},
  publisher={AIP Publishing}
}

@article{mora2003plasma,
  title={Plasma expansion into a vacuum},
  author={Mora, P},
  journal={Physical Review Letters},
  volume={90},
  number={18},
  pages={185002},
  year={2003},
  publisher={APS}
}

@article{mora2005thin,
  title={Thin-foil expansion into a vacuum},
  author={Mora, P},
  journal={Physical Review E},
  volume={72},
  number={5},
  pages={056401},
  year={2005},
  publisher={APS}
}
@article{fuchs2005laser,
  title={Laser-driven proton scaling laws and new paths towards energy increase},
  author={Fuchs, J and Antici, P and d’Humieres, E and Lefebvre, E and Borghesi, M and Brambrink, E and Cecchetti, CA and Kaluza, Malte and Malka, Victor and Manclossi, M and others},
  journal={Nature physics},
  volume={2},
  number={1},
  pages={48--54},
  year={2005},
  publisher={Nature Publishing Group}
}

@article{schreiber2006analytical,
  title={Analytical model for ion acceleration by high-intensity laser pulses},
  author={Schreiber, J and Bell, F and Gr{\"u}ner, F and Schramm, U and Geissler, M and Schn{\"u}rer, M and Ter-Avetisyan, S and Hegelich, BM and Cobble, J and Brambrink, E and others},
  journal={Physical review letters},
  volume={97},
  number={4},
  pages={045005},
  year={2006},
  publisher={APS}
}

@article{macchi2005laser,
  title={Laser acceleration of ion bunches at the front surface of overdense plasmas},
  author={Macchi, Andrea and Cattani, Federica and Liseykina, Tatiana V and Cornolti, Fulvio},
  journal={Physical review letters},
  volume={94},
  number={16},
  pages={165003},
  year={2005},
  publisher={APS}
}

@article{zhang2007effect,
  title={Effect of plasma temperature on electrostatic shock generation and ion acceleration by laser},
  author={Zhang, Xiaomei and Shen, Baifei and Yu, MY and Li, Xuemei and Jin, Zhangying and Wang, Fengchao and Wen, Meng},
  journal={Physics of Plasmas (1994-present)},
  volume={14},
  number={11},
  pages={113108},
  year={2007},
  publisher={AIP Publishing}
}

@article{yin2006gev,
  title={GeV laser ion acceleration from ultrathin targets: The laser break-out afterburner},
  author={Yin, Lin and Albright, BJ and Hegelich, BM and Fern{\'a}ndez, JC},
  journal={Laser and Particle Beams},
  volume={24},
  number={02},
  pages={291--298},
  year={2006},
  publisher={Cambridge Univ Press}
}

@article{buneman1959dissipation,
  title={Dissipation of currents in ionized media},
  author={Buneman, Oscar},
  journal={Physical Review},
  volume={115},
  number={3},
  pages={503},
  year={1959},
  publisher={APS}
}

@article{dawson1962one,
  title={One-dimensional plasma model},
  author={Dawson, John},
  journal={Physics of Fluids (1958-1988)},
  volume={5},
  number={4},
  pages={445--459},
  year={1962},
  publisher={AIP Publishing}
}

@article{esarey1996overview,
  title={Overview of plasma-based accelerator concepts},
  author={Esarey, Eric and Sprangle, Phillip and Krall, Jonathan and Ting, Antonio},
  journal={Plasma Science, IEEE Transactions on},
  volume={24},
  number={2},
  pages={252--288},
  year={1996},
  publisher={IEEE}
}

@article{nakajima1990plasma,
  title={Plasma wake-field accelerator experiments at KEK},
  author={Nakajima, K and Enomoto, A and Kobayashi, H and Nakanishi, H and Nishida, Y and Ogata, A and Ohsawa, S and Oogoe, T and Shoji, T and Urano, T},
  journal={Nuclear Instruments and Methods in Physics Research Section A: Accelerators, Spectrometers, Detectors and Associated Equipment},
  volume={292},
  number={1},
  pages={12--20},
  year={1990},
  publisher={Elsevier}
}

@article{tang1985dynamics,
  title={Dynamics of space-charge waves in the laser beat wave accelerator},
  author={Tang, CM and Sprangle, P and Sudan, RN},
  journal={Physics of Fluids (1958-1988)},
  volume={28},
  number={6},
  pages={1974--1983},
  year={1985},
  publisher={AIP Publishing}
}

@article{umstadter1994nonlinear,
  title={Nonlinear plasma waves resonantly driven by optimized laser pulse trains},
  author={Umstadter, D and Esarey, E and Kim, J},
  journal={Physical review letters},
  volume={72},
  number={8},
  pages={1224},
  year={1994},
  publisher={APS}
}

@article{malka2002electron,
  title={Electron acceleration by a wake field forced by an intense ultrashort laser pulse},
  author={Malka, Victor and Fritzler, S and Lefebvre, E and Aleonard, M-M and Burgy, F and Chambaret, J-P and Chemin, J-F and Krushelnick, K and Malka, G and Mangles, SPD and others},
  journal={Science},
  volume={298},
  number={5598},
  pages={1596--1600},
  year={2002},
  publisher={American Association for the Advancement of Science}
}

@article{geddes2004high,
  title={High-quality electron beams from a laser wakefield accelerator using plasma-channel guiding},
  author={Geddes, CGR and Toth, Cs and Van Tilborg, J and Esarey, E and Schroeder, CB and Bruhwiler, D and Nieter, C and Cary, J and Leemans, WP},
  journal={Nature},
  volume={431},
  number={7008},
  pages={538--541},
  year={2004},
  publisher={Nature Publishing Group}
}

@article{mangles2004monoenergetic,
  title={Monoenergetic beams of relativistic electrons from intense laser--plasma interactions},
  author={Mangles, SPD and Murphy, CD and Najmudin, Z and Thomas, AGR and Collier, JL and Dangor, AE and Divall, EJ and Foster, PS and Gallacher, JG and Hooker, CJ and others},
  journal={Nature},
  volume={431},
  number={7008},
  pages={535--538},
  year={2004},
  publisher={Nature Publishing Group}
}

@article{faure2004laser,
  title={A laser--plasma accelerator producing monoenergetic electron beams},
  author={Faure, J{\'e}r{\^o}me and Glinec, Yannick and Pukhov, A and Kiselev, S and Gordienko, S and Lefebvre, E and Rousseau, J-P and Burgy, F and Malka, Victor},
  journal={Nature},
  volume={431},
  number={7008},
  pages={541--544},
  year={2004},
  publisher={Nature Publishing Group}
}

@article{sprangle1992propagation,
  title={Propagation and guiding of intense laser pulses in plasmas},
  author={Sprangle, P and Esarey, E and Krall, J and Joyce, G},
  journal={Physical review letters},
  volume={69},
  number={15},
  pages={2200},
  year={1992},
  publisher={APS}
}

@article{modena1995electron,
  title={Electron acceleration from the breaking of relativistic plasma waves},
  author={Modena, A and Najmudin, Z and Dangor, AE and Clayton, CE and Marsh, KA and Joshi, C and Malka, V and Darrow, CB and Danson, C and Neely, D and others},
  journal={Nature},
  volume={377},
  number={6550},
  pages={606--608},
  year={1995},
  publisher={Nature Publishing Group, The Macmillan Building London N 1 9 XW UK}
}

@article{leemans2006gev,
  title={GeV electron beams from a centimetre-scale accelerator},
  author={Leemans, WP and Nagler, B and Gonsalves, AJ and Toth, Cs and Nakamura, K and Geddes, CGR and Esarey, E and Schroeder, CB and Hooker, SM},
  journal={Nature physics},
  volume={2},
  number={10},
  pages={696--699},
  year={2006},
  publisher={Nature Publishing Group}
}

@article{faure2006controlled,
  title={Controlled injection and acceleration of electrons in plasma wakefields by colliding laser pulses},
  author={Faure, J{\'e}r{\^o}me and Rechatin, Cl{\'e}ment and Norlin, A and Lifschitz, A and Glinec, Y and Malka, Victor},
  journal={Nature},
  volume={444},
  number={7120},
  pages={737--739},
  year={2006},
  publisher={Nature Publishing Group}
}

@article{tajima1979laser,
  title={Laser electron accelerator},
  author={Tajima, T and Dawson, JM},
  journal={Physical Review Letters},
  volume={43},
  number={4},
  pages={267},
  year={1979},
  publisher={APS}
}

@article{borghesi2002macroscopic,
  title={Macroscopic evidence of soliton formation in multiterawatt laser-plasma interaction},
  author={Borghesi, M and Bulanov, S and Campbell, DH and Clarke, RJ and Esirkepov, T Zh and Galimberti, M and Gizzi, LA and MacKinnon, AJ and Naumova, NM and Pegoraro, F and others},
  journal={Physical review letters},
  volume={88},
  number={13},
  pages={135002},
  year={2002},
  publisher={APS}
}

@article{romagnani2005dynamics,
  title={Dynamics of electric fields driving the laser acceleration of multi-MeV protons},
  author={Romagnani, Lorenzo and Fuchs, Julien and Borghesi, M and Antici, Patrizio and Audebert, P and Ceccherini, F and Cowan, T and Grismayer, T and Kar, S and Macchi, A and others},
  journal={Physical review letters},
  volume={95},
  number={19},
  pages={195001},
  year={2005},
  publisher={APS}
}

@article{malka2004practicability,
  title={Practicability of protontherapy using compact laser systems},
  author={Malka, Victor and Fritzler, Sven and Lefebvre, Erik and d’Humi{\`e}res, Emmanuel and Ferrand, R{\'e}gis and Grillon, Georges and Albaret, Claude and Meyroneinc, Samuel and Chambaret, Jean-Paul and Antonetti, Andre and others},
  journal={Medical physics},
  volume={31},
  number={6},
  pages={1587--1592},
  year={2004},
  publisher={American Association of Physicists in Medicine}
}

@article{bulanov2002feasibility,
  title={Feasibility of using laser ion accelerators in proton therapy},
  author={Bulanov, SV and Khoroshkov, VS},
  journal={Plasma Physics Reports},
  volume={28},
  number={5},
  pages={453--456},
  year={2002},
  publisher={Springer}
}

@article{roth2001fast,
  title={Fast ignition by intense laser-accelerated proton beams},
  author={Roth, M and Cowan, TE and Key, MH and Hatchett, SP and Brown, C and Fountain, W and Johnson, J and Pennington, DM and Snavely, RA and Wilks, SC and others},
  journal={Physical Review Letters},
  volume={86},
  number={3},
  pages={436},
  year={2001},
  publisher={APS}
}

@article{haseroth1996physical,
  title={Physical mechanisms leading to high currents of highly charged ions in laser-driven ion sources},
  author={Haseroth, Helmut and Hora, Heinrich},
  journal={Laser and particle Beams},
  volume={14},
  number={03},
  pages={393--438},
  year={1996},
  publisher={Cambridge Univ Press}
}

@article{esirkepov2002proposed,
  title={Proposed double-layer target for the generation of high-quality laser-accelerated ion beams},
  author={Esirkepov, T Zh and Bulanov, SV and Nishihara, K and Tajima, T and Pegoraro, F and Khoroshkov, VS and Mima, K and Daido, H and Kato, Y and Kitagawa, Y and others},
  journal={Physical review letters},
  volume={89},
  number={17},
  pages={175003},
  year={2002},
  publisher={APS}
}

@article{schwoerer2006laser,
  title={Laser-plasma acceleration of quasi-monoenergetic protons from microstructured targets},
  author={Schwoerer, H and Pfotenhauer, S and J{\"a}ckel, O and Amthor, K-U and Liesfeld, B and Ziegler, W and Sauerbrey, R and Ledingham, KWD and Esirkepov, T},
  journal={Nature},
  volume={439},
  number={7075},
  pages={445--448},
  year={2006},
  publisher={Nature Publishing Group}
}

@article{hegelich2006laser,
  title={Laser acceleration of quasi-monoenergetic MeV ion beams},
  author={Hegelich, BM and Albright, BJ and Cobble, J and Flippo, K and Letzring, S and Paffett, M and Ruhl, H and Schreiber, J and Schulze, RK and Fernandez, JC},
  journal={Nature},
  volume={439},
  number={7075},
  pages={441--444},
  year={2006},
  publisher={Nature Publishing Group}
}

@article{mouroulasers,
  title={Lasers \& Sources Exploring fundamental physics at the highest-intensity-laser frontier},
  author={Mourou, G{\'e}rard and Tajima, Toshiki}
}

@article{forslund1977theory,
  title={Theory of hot-electron spectra at high laser intensity},
  author={Forslund, DW and Kindel, JM and Lee, K},
  journal={Physical Review Letters},
  volume={39},
  number={5},
  pages={284},
  year={1977},
  publisher={APS}
}

@article{estabrook1978properties,
  title={Properties of resonantly heated electron distributions},
  author={Estabrook, Kent and Kruer, WL},
  journal={Physical Review Letters},
  volume={40},
  number={1},
  pages={42},
  year={1978},
  publisher={APS}
}

@article{bulanov1994interaction,
  title={Interaction of an ultrashort, relativistically strong laser pulse with an overdense plasma},
  author={Bulanov, So V and Naumova, NM and Pegoraro, F},
  journal={Physics of Plasmas (1994-present)},
  volume={1},
  number={3},
  pages={745--757},
  year={1994},
  publisher={AIP Publishing}
}

@article{gibbon1992collisionless,
  title={Collisionless absorption in sharp-edged plasmas},
  author={Gibbon, Paul and Bell, AR},
  journal={Physical review letters},
  volume={68},
  number={10},
  pages={1535},
  year={1992},
  publisher={APS}
}

@article{brunel1987not,
  title={Not-so-resonant, resonant absorption},
  author={Brunel, F},
  journal={Physical Review Letters},
  volume={59},
  number={1},
  pages={52},
  year={1987},
  publisher={APS}
}

@article{wilks1997absorption,
  title={Absorption of ultrashort, ultra-intense laser light by solids and overdense plasmas},
  author={Wilks, Scott C and Kruer, William L},
  journal={Quantum Electronics, IEEE Journal of},
  volume={33},
  number={11},
  pages={1954--1968},
  year={1997},
  publisher={IEEE}
}

@article{malka1996experimental,
  title={Experimental confirmation of ponderomotive-force electrons produced by an ultrarelativistic laser pulse on a solid target},
  author={Malka, G and Miquel, JL},
  journal={Physical review letters},
  volume={77},
  number={1},
  pages={75},
  year={1996},
  publisher={APS}
}

@book{kruer1988physics,
  title={The physics of laser plasma interactions},
  author={Kruer, William L and others},
  volume={70},
  year={1988},
  publisher={Addison-Wesley New York}
}

@article{kneip2009near,
  title={Near-GeV acceleration of electrons by a nonlinear plasma wave driven by a self-guided laser pulse},
  author={Kneip, S and Nagel, SR and Martins, SF and Mangles, SPD and Bellei, C and Chekhlov, O and Clarke, RJ and Delerue, N and Divall, EJ and Doucas, G and others},
  journal={Physical review letters},
  volume={103},
  number={3},
  pages={035002},
  year={2009},
  publisher={APS}
}

@article{clayton2010self,
  title={Self-guided laser wakefield acceleration beyond 1 GeV using ionization-induced injection},
  author={Clayton, CE and Ralph, JE and Albert, F and Fonseca, RA and Glenzer, SH and Joshi, C and Lu, W and Marsh, KA and Martins, SF and Mori, WB and others},
  journal={Physical review letters},
  volume={105},
  number={10},
  pages={105003},
  year={2010},
  publisher={APS}
}

@article{esirkepov2006laser,
  title={Laser ion-acceleration scaling laws seen in multiparametric particle-in-cell simulations},
  author={Esirkepov, T and Yamagiwa, M and Tajima, T},
  journal={Physical review letters},
  volume={96},
  number={10},
  pages={105001},
  year={2006},
  publisher={APS}
}

@article{yan2008generating,
  title={Generating high-current monoenergetic proton beams by a circularlypolarized laser pulse in the phase-stableacceleration regime},
  author={Yan, XQ and Lin, C and Sheng, ZM and Guo, ZY and Liu, BC and Lu, YR and Fang, JX and Chen, JE},
  journal={Physical review letters},
  volume={100},
  number={13},
  pages={135003},
  year={2008},
  publisher={APS}
}

@article{macchi2009light,
  title={“Light Sail” Acceleration Reexamined},
  author={Macchi, Andrea and Veghini, Silvia and Pegoraro, Francesco},
  journal={Physical review letters},
  volume={103},
  number={8},
  pages={085003},
  year={2009},
  publisher={APS}
}

@article{esirkepov2004highly,
  title={Highly efficient relativistic-ion generation in the laser-piston regime},
  author={Esirkepov, T and Borghesi, M and Bulanov, SV and Mourou, G and Tajima, T},
  journal={Physical review letters},
  volume={92},
  number={17},
  pages={175003},
  year={2004},
  publisher={APS}
}

@article{qiao2009stable,
  title={Stable GeV ion-beam acceleration from thin foils by circularly polarized laser pulses},
  author={Qiao, B and Zepf, M and Borghesi, M and Geissler, M},
  journal={Physical review letters},
  volume={102},
  number={14},
  pages={145002},
  year={2009},
  publisher={APS}
}

@article{robinson2008radiation,
  title={Radiation pressure acceleration of thin foils with circularly polarized laser pulses},
  author={Robinson, APL and Zepf, M and Kar, S and Evans, RG and Bellei, C},
  journal={New journal of Physics},
  volume={10},
  number={1},
  pages={013021},
  year={2008},
  publisher={IOP Publishing}
}

@article{klimo2008monoenergetic,
  title={Monoenergetic ion beams from ultrathin foils irradiated by ultrahigh-contrast circularly polarized laser pulses},
  author={Klimo, O and Psikal, J and Limpouch, J and Tikhonchuk, VT},
  journal={Physical Review Special Topics-Accelerators and Beams},
  volume={11},
  number={3},
  pages={031301},
  year={2008},
  publisher={APS}
}

@article{henig2009radiation,
  title={Radiation-pressure acceleration of ion beams driven by circularly polarized laser pulses},
  author={Henig, Andreas and Steinke, S and Schn{\"u}rer, M and Sokollik, T and H{\"o}rlein, Rainer and Kiefer, D and Jung, D and Schreiber, J{\"o}rg and Hegelich, BM and Yan, XQ and others},
  journal={Physical Review Letters},
  volume={103},
  number={24},
  pages={245003},
  year={2009},
  publisher={APS}
}


@article{willingale2009characterization,
  title={Characterization of high-intensity laser propagation in the relativistic transparent regime through measurements of energetic proton beams},
  author={Willingale, L and Nagel, SR and Thomas, AGR and Bellei, C and Clarke, RJ and Dangor, AE and Heathcote, R and Kaluza, MC and Kamperidis, C and Kneip, S and others},
  journal={Physical review letters},
  volume={102},
  number={12},
  pages={125002},
  year={2009},
  publisher={APS}
}

@article{sprangle1987relativistic,
  title={Relativistic self-focusing of short-pulse radiation beams in plasmas},
  author={Sprangle, P and Tang, Cha-Mei and Esarey, E},
  journal={Plasma Science, IEEE Transactions on},
  volume={15},
  number={2},
  pages={145--153},
  year={1987},
  publisher={IEEE}
}
@article{sun1987self,
  title={Self-focusing of short intense pulses in plasmas},
  author={Sun, Guo-Zheng and Ott, Edward and Lee, YC and Guzdar, Parvez},
  journal={Physics of Fluids (1958-1988)},
  volume={30},
  number={2},
  pages={526--532},
  year={1987},
  publisher={AIP Publishing}
}

@article{chen1993necessary,
  title={Necessary and sufficient conditions for self-focusing of short ultraintense laser pulse in underdense plasma},
  author={Chen, XL and Sudan, RN},
  journal={Physical review letters},
  volume={70},
  number={14},
  pages={2082},
  year={1993},
  publisher={APS}
}
@article{esarey1997self,
  title={Self-focusing and guiding of short laser pulses in ionizing gases and plasmas},
  author={Esarey, Eric and Sprangle, Phillip and Krall, Jonathan and Ting, Antonio},
  journal={Quantum Electronics, IEEE Journal of},
  volume={33},
  number={11},
  pages={1879--1914},
  year={1997},
  publisher={IEEE}
}

@article{lindl1995development,
  title={Development of the indirect-drive approach to inertial confinement fusion and the target physics basis for ignition and gain},
  author={Lindl, John},
  journal={Physics of Plasmas (1994-present)},
  volume={2},
  number={11},
  pages={3933--4024},
  year={1995},
  publisher={AIP Publishing}
}

@article{swift2004shock,
  title={Shock pressures induced in condensed matter by laser ablation},
  author={Swift, Damian C and Tierney IV, Thomas E and Kopp, Roger A and Gammel, J Tinka},
  journal={Physical Review E},
  volume={69},
  number={3},
  pages={036406},
  year={2004},
  publisher={APS}
}

@article{batani2010effects,
  title={Effects of laser prepulses on laser-induced proton generation},
  author={Batani, D and Jafer, R and Veltcheva, Mina and Dezulian, R and Lundh, Olle and Lindau, Filip and Persson, Anders and Osvay, K and Wahlstr{\"o}m, CG and Carroll, DC and others},
  journal={New Journal of Physics},
  volume={12},
  number={4},
  pages={045018},
  year={2010},
  publisher={Iop Publishing}
}

@article{lundh2007influence,
  title={Influence of shock waves on laser-driven proton acceleration},
  author={Lundh, Olle and Lindau, Filip and Persson, Anders and Wahlstr{\"o}m, C-G and McKenna, P and Batani, D},
  journal={Physical Review E},
  volume={76},
  number={2},
  pages={026404},
  year={2007},
  publisher={APS}
}

@article{fuchs2006laser,
  title={Laser-driven proton scaling laws and new paths towards energy increase},
  author={Fuchs, J and Antici, P and d’Humi{\`e}res, E and Lefebvre, E and Borghesi, M and Brambrink, E and Cecchetti, CA and Kaluza, Malte and Malka, Victor and Manclossi, M and others},
  journal={Nature physics},
  volume={2},
  number={1},
  pages={48--54},
  year={2006},
  publisher={Nature Publishing Group}
}

@article{wang2011laser,
  title={Laser shaping of a relativistic intense, short Gaussian pulse by a plasma lens},
  author={Wang, HY and Lin, C and Sheng, ZM and Liu, B and Zhao, S and Guo, ZY and Lu, YR and He, XT and Chen, JE and Yan, XQ},
  journal={Physical review letters},
  volume={107},
  number={26},
  pages={265002},
  year={2011},
  publisher={APS}
}

@article{gahn1999multi,
  title={Multi-MeV electron beam generation by direct laser acceleration in high-density plasma channels},
  author={Gahn, C and Tsakiris, GD and Pukhov, A and Meyer-ter-Vehn, J and Pretzler, G and Thirolf, P and Habs, D and Witte, KJ},
  journal={Physical Review Letters},
  volume={83},
  number={23},
  pages={4772},
  year={1999},
  publisher={APS}
}

@article{pukhov1998relativistic,
  title={Relativistic laser-plasma interaction by multi-dimensional particle-in-cell simulations},
  author={Pukhov, A and Meyer-ter-Vehn, J},
  journal={Physics of Plasmas (1994-present)},
  volume={5},
  number={5},
  pages={1880--1886},
  year={1998},
  publisher={AIP Publishing}
}

@article{pukhov1999particle,
  title={Particle acceleration in relativistic laser channels},
  author={Pukhov, A and Sheng, Z-M and Meyer-ter-Vehn, J},
  journal={Physics of Plasmas (1994-present)},
  volume={6},
  number={7},
  pages={2847--2854},
  year={1999},
  publisher={AIP Publishing}
}

@article{sheng2005emission,
  title={Emission of electromagnetic pulses from laser wakefields through linear mode conversion},
  author={Sheng, Zheng-Ming and Mima, Kunioki and Zhang, Jie and Sanuki, Heiji},
  journal={Physical review letters},
  volume={94},
  number={9},
  pages={095003},
  year={2005},
  publisher={APS}
}

@article{yan2008generating,
  title={Generating high-current monoenergetic proton beams by a circularlypolarized laser pulse in the phase-stableacceleration regime},
  author={Yan, XQ and Lin, C and Sheng, ZM and Guo, ZY and Liu, BC and Lu, YR and Fang, JX and Chen, JE},
  journal={Physical review letters},
  volume={100},
  number={13},
  pages={135003},
  year={2008},
  publisher={APS}
}

@article{weibel1959spontaneously,
  title={Spontaneously growing transverse waves in a plasma due to an anisotropic velocity distribution},
  author={Weibel, Erich S},
  journal={Physical Review Letters},
  volume={2},
  number={3},
  pages={83},
  year={1959},
  publisher={APS}
}

@article{tabak1994ignition,
  title={Ignition and high gain with ultrapowerful lasers*},
  author={Tabak, Max and Hammer, James and Glinsky, Michael E and Kruer, William L and Wilks, Scott C and Woodworth, John and Campbell, E Michael and Perry, Michael D and Mason, Rodney J},
  journal={Physics of Plasmas (1994-present)},
  volume={1},
  number={5},
  pages={1626--1634},
  year={1994},
  publisher={AIP Publishing}
}

@article{bret2005characterization,
  title={Characterization of the initial filamentation of a relativistic electron beam passing through a plasma},
  author={Bret, A and Firpo, M-C and Deutsch, C},
  journal={Physical review letters},
  volume={94},
  number={11},
  pages={115002},
  year={2005},
  publisher={APS}
}

@article{bret2004collective,
  title={Collective electromagnetic modes for beam-plasma interaction in the whole k space},
  author={Bret, Antoine and Firpo, M-C and Deutsch, Claude},
  journal={Physical Review E},
  volume={70},
  number={4},
  pages={046401},
  year={2004},
  publisher={APS}
}

@article{yee1966numerical,
  title={Numerical solution of initial boundary value problems involving Maxwell’s equations in isotropic media},
  author={Yee, Kane S and others},
  journal={IEEE Trans. Antennas Propag},
  volume={14},
  number={3},
  pages={302--307},
  year={1966}
}

@inproceedings{boris1970relativistic,
  title={Relativistic plasma simulation-optimization of a hybrid code},
  author={Boris, JP},
  booktitle={Proc. Fourth Conf. Num. Sim. Plasmas, Naval Res. Lab, Wash. DC},
  pages={3--67},
  year={1970}
}

@article{villasenor1992rigorous,
  title={Rigorous charge conservation for local electromagnetic field solvers},
  author={Villasenor, John and Buneman, Oscar},
  journal={Computer Physics Communications},
  volume={69},
  number={2},
  pages={306--316},
  year={1992},
  publisher={Elsevier}
}

@article{esirkepov2001exact,
  title={Exact charge conservation scheme for particle-in-cell simulation with an arbitrary form-factor},
  author={Esirkepov, T Zh},
  journal={Computer Physics Communications},
  volume={135},
  number={2},
  pages={144--153},
  year={2001},
  publisher={Elsevier}
}

@article{taflove1980application,
  title={Application of the finite-difference time-domain method to sinusoidal steady-state electromagnetic-penetration problems},
  author={Taflove, Allen},
  journal={Electromagnetic Compatibility, IEEE Transactions on},
  number={3},
  pages={191--202},
  year={1980},
  publisher={IEEE}
}

@book{hockney1988computer,
  title={Computer simulation using particles},
  author={Hockney, Roger W and Eastwood, James W},
  year={1988},
  publisher={CRC Press}
}

@article{sentoku2008numerical,
  title={Numerical methods for particle simulations at extreme densities and temperatures: Weighted particles, relativistic collisions and reduced currents},
  author={Sentoku, Yasuhiko and Kemp, Andreas J},
  journal={Journal of Computational Physics},
  volume={227},
  number={14},
  pages={6846--6861},
  year={2008},
  publisher={Elsevier}
}

@article{sgattoni2012laser,
  title={Laser ion acceleration using a solid target coupled with a low-density layer},
  author={Sgattoni, Andrea and Londrillo, Pasquale and Macchi, Andrea and Passoni, Matteo},
  journal={Physical Review E},
  volume={85},
  number={3},
  pages={036405},
  year={2012},
  publisher={APS}
}

@article{wang2011high,
  title={High-quality proton bunch from laser interaction with a gas-filled cone target},
  author={Wang, HY and Lin, C and Zheng, FL and Lu, YR and Guo, ZY and He, XT and Chen, JE and Yan, XQ},
  journal={Physics of Plasmas (1994-present)},
  volume={18},
  number={9},
  pages={093105},
  year={2011},
  publisher={AIP Publishing}
}

@article{glinec2008evolution,
  title={Evolution of energy spectrum from laser-accelerated protons with a 100 fs intense prepulse},
  author={Glinec, Yannick and Genoud, Guillaume and Lundh, Olle and Persson, Anders and Wahlstr{\"o}m, C-G},
  journal={Applied Physics B},
  volume={93},
  number={2-3},
  pages={317--321},
  year={2008},
  publisher={Springer}
}
