@article{mouroulasers,
  title={Lasers \& Sources Exploring fundamental physics at the highest-intensity-laser frontier},
  author={Mourou, G{\'e}rard and Tajima, Toshiki}
}

@article{daido2012review,
  title={Review of laser-driven ion sources and their applications},
  author={Daido, Hiroyuki and Nishiuchi, Mamiko and Pirozhkov, Alexander S},
  journal={Reports on Progress in Physics},
  volume={75},
  number={5},
  pages={056401},
  year={2012},
  publisher={IOP Publishing}
}

@article{sokollik2008transient,
  title={Transient electric fields in laser plasmas observed by proton streak deflectometry},
  author={Sokollik, Th and Schn{\"u}rer, M and Ter-Avetisyan, S and Nickles, PV and Risse, E and Kalashnikov, M and Sandner, W and Priebe, G and Amin, M and Toncian, T and others},
  journal={Applied Physics Letters},
  volume={92},
  number={9},
  pages={091503},
  year={2008},
  publisher={AIP Publishing}
}

@article{romagnani2005dynamics,
  title={Dynamics of electric fields driving the laser acceleration of multi-MeV protons},
  author={Romagnani, Lorenzo and Fuchs, Julien and Borghesi, M and Antici, Patrizio and Audebert, P and Ceccherini, F and Cowan, T and Grismayer, T and Kar, S and Macchi, A and others},
  journal={Physical review letters},
  volume={95},
  number={19},
  pages={195001},
  year={2005},
  publisher={APS}
}
