%%%%%%%%%%%%%%%%%%%%%%% Comments %%%%%%%%%%%%%%%%%%%%%%%%
%% BibTeX can accept names in "forename surname" or "surname, forename".
%% to tell BibTeX when a reference has more than one author by putting the keyword "and" in between every author.
%%%%%%%%%%%%%%%%%%%%%%% Bibliography %%%%%%%%%%%%%%%%%%%%%%%
%% Article

@book{chen1984plasma,
  title={Plasma},
  author={Chen, Francis F and Smith, Mark D},
  year={1984},
  publisher={Wiley Online Library}
}

@article{tajima1979laser,
  title={Laser electron accelerator},
  author={Tajima, T and Dawson, JM},
  journal={Physical Review Letters},
  volume={43},
  number={4},
  pages={267},
  year={1979},
  publisher={APS}
}

@article{strickland1985compression,
  title={Compression of amplified chirped optical pulses},
  author={Strickland, Donna and Mourou, Gerard},
  journal={Optics communications},
  volume={55},
  number={6},
  pages={447--449},
  year={1985},
  publisher={Elsevier}
}
